<?xml version="1.0" encoding="UTF-8"?><record xmlns="http://www.loc.gov/MARC21/slim" xmlns:cinclude="http://apache.org/cocoon/include/1.0" xmlns:zs="http://www.loc.gov/zing/srw/">
  <leader>00457nz  a2200133n  4500</leader>
  <controlfield tag="001">no2007091897</controlfield>
  <controlfield tag="003">DLC</controlfield>
  <controlfield tag="005">20070813074935.0</controlfield>
  <controlfield tag="008">070811n| acannaabn          |n ana     c</controlfield>
  <datafield tag="010" ind1=" " ind2=" ">
    <subfield code="a">no2007091897</subfield>
  </datafield>
  <datafield tag="035" ind1=" " ind2=" ">
    <subfield code="a">(OCoLC)oca07491110</subfield>
  </datafield>
  <datafield tag="040" ind1=" " ind2=" ">
    <subfield code="a">AzPhBJB</subfield>
    <subfield code="b">eng</subfield>
    <subfield code="c">AzPhBJB</subfield>
  </datafield>
  <datafield tag="110" ind1="2" ind2=" ">
    <subfield code="a">Arizona Archaeological Society.</subfield>
    <subfield code="b">Yavapai Chapter</subfield>
  </datafield>
  <datafield tag="670" ind1=" " ind2=" ">
    <subfield code="a">The Smoki Museum and the Yavapai Chapter of the Arizona Archaeological Society present the puzzle of ancient Prescott, 2005?</subfield>
  </datafield>
</record>